@book{Xie2015,
  title = {R Markdown: The Definitive Guide},
  author = {Yihui Xie and J. J. Allaire and Garrett Grolemund},
  year = {2015},
  publisher = {Chapman and Hall/CRC},
  url = {https://bookdown.org/yihui/rmarkdown/}
}

@book{Moore2016,
  title = {Introduction to the Practice of Statistics},
  author = {David S. Moore and George P. McCabe and Bruce A. Craig},
  year = {2016},
  publisher = {W.H. Freeman},
  edition = {9th},
  url = {https://www.macmillanlearning.com/college/us/product/Introduction-to-the-Practice-of-Statistics/p/1319013384}
}

@book{Agresti2018,
  title = {Statistical Methods for the Social Sciences},
  author = {Alan Agresti},
  year = {2018},
  publisher = {Pearson},
  edition = {5th}
}
